@article{Ruben1960,
  title = {On the Distribution of the Weighted Difference of Two Independent Student Variables},
  author = {Ruben, Harold},
  journal = {Journal of the Royal Statistical Society. Series B (Methodological)},
  volume = {22},
  number = {1},
  pages = {188--196},
  year = {1960},
  publisher = {Wiley}
}

@misc{Paper2009,
  title = {Title of the Paper from arXiv},
  author = {Author, First and Author, Second},
  year = {2009},
  eprint = {0906.3037},
  archivePrefix = {arXiv},
  primaryClass = {stat.ME},
  note = {Accessed: 2025-03-08; see page 15}
}
